<?xml version="1.0" encoding="UTF-8"?><collection xmlns="http://www.loc.gov/MARC21/slim"><record><leader>00381nam--2200133-i-4500</leader><controlfield tag="001">000025805</controlfield><controlfield tag="002">20161230</controlfield><controlfield tag="005">20161230201036</controlfield><controlfield tag="008">060222s1000------------r-----000-0-eng-d</controlfield><datafield ind1=" " ind2=" " tag="080"><subfield code="a">539.12</subfield></datafield><datafield ind1=" " ind2=" " tag="100"><subfield code="a">Laftanov, V</subfield></datafield><datafield ind1=" " ind2=" " tag="245"><subfield code="a">High energy physics in the ussr</subfield></datafield><datafield ind1=" " ind2=" " tag="260"><subfield code="a">Herceg-novi, Ecole International De La Physique Des Particules Elementaires, 1969, 11p.+ 9 Fig</subfield></datafield><datafield ind1=" " ind2=" " tag="852"><subfield code="a">32003</subfield></datafield></record></collection>